@misc{clingo,
	author = {Gebser, Martin and Kaminski, Roland and Kaufmann, Benjamin and
	          Schaub, Torsten},
	title = {clingo: A grounder and solver for Answer Set Programming},
	year = {2024},
	url = {https://github.com/potassco/clingo},
	note = {Accessed: 2024-12-19},
	howpublished = {\url{https://github.com/potassco/clingo}},
}

@misc{python,
	author = {Python Software Foundation},
	title = {Python Programming Language},
	year = {2024},
	url = {https://www.python.org/},
	note = {Accessed: 2024-12-19},
	howpublished = {\url{https://www.python.org/}},
}

@misc{clingo_python_api,
	author = {Potassco},
	title = {Clingo Python API},
	year = {2024},
	url = {https://potassco.org/clingo/python-api/5.4/#},
	note = {Accessed: 2024-12-19},
}

@misc{unipr_qualita,
	author = {Università di Parma},
	title = {{U.O. Progettazione Didattica e Assicurazione della Qualità}},
	year = {2024},
	url = {https://trasparenza.unipr.it/ugov/organizationunit/191497},
	note = {Accessed: 2024-12-19},
}

@misc{prof_dal_palu,
	author = {Alessandro Dal Palu'},
	title = {Comunicazione personale},
	year = {2024},
	note = {Informazioni ottenute tramite comunicazione personale},
}

@article{gebser2015potassco,
  title={Potassco user guide},
  author={Gebser, Martin and Kaminski, Roland and Kaufmann, Benjamin and Lindauer, Marius and Ostrowski, Max and Romero, Javier and Schaub, Torsten and Thiele, Sven and Wanko, Philipp},
  journal={Institute for Informatics, University of Potsdam, second edition edition},
  volume={69},
  year={2015}
}
